
@article{Agosta2010HowSpe,
  title = {How Specialists Can Be Generalists: Resolving the "Parasite Paradox" and Implications for Emerging Infectious Disease},
  author = {Agosta, Salvatore J. and Janz, Niklas and Brooks, Daniel R.},
  date = {2010-04},
  journaltitle = {Zoologia (Curitiba)},
  volume = {27},
  number = {2},
  pages = {151--162},
  publisher = {{Sociedade Brasileira de Zoologia}},
  issn = {1984-4670},
  doi = {10.1590/S1984-46702010000200001}
}

@article{Albery2020PreGlo,
  title = {Predicting the Global Mammalian Viral Sharing Network Using Phylogeography},
  author = {Albery, Gregory F. and Eskew, Evan A. and Ross, Noam and Olival, Kevin J.},
  date = {2020-12},
  journaltitle = {Nature Communications},
  shortjournal = {Nat Commun},
  volume = {11},
  number = {1},
  pages = {2260},
  issn = {2041-1723},
  doi = {10.1038/s41467-020-16153-4},
  langid = {english}
}

@article{Albery2022UrbMam,
  title = {Urban-Adapted Mammal Species Have More Known Pathogens},
  author = {Albery, Gregory F. and Carlson, Colin J. and Cohen, Lily E. and Eskew, Evan A. and Gibb, Rory and Ryan, Sadie J. and Sweeny, Amy R. and Becker, Daniel J.},
  date = {2022-01-03},
  publisher = {{bioRxiv}},
  doi = {10.1101/2021.01.02.425084},
  langid = {english}
}

@article{Allen2017GloHot,
  title = {Global Hotspots and Correlates of Emerging Zoonotic Diseases},
  author = {Allen, Toph and Murray, Kris A. and Zambrana-Torrelio, Carlos and Morse, Stephen S. and Rondinini, Carlo and Di Marco, Moreno and Breit, Nathan and Olival, Kevin J. and Daszak, Peter},
  date = {2017-12},
  journaltitle = {Nature Communications},
  volume = {8},
  number = {1},
  issn = {2041-1723},
  doi = {10.1038/s41467-017-00923-8},
  langid = {english}
}

@article{Alves2018GeoVar,
  title = {Geographic Variation in the Relationship between Large-Scale Environmental Determinants and Bat Species Richness},
  author = {Alves, Davi Mello Cunha Crescente and Diniz-Filho, José Alexandre Felizola and da Silva e Souza, Kelly and Gouveia, Sidney Feitosa and Villalobos, Fabricio},
  options = {useprefix=true},
  date = {2018-03},
  journaltitle = {Basic and Applied Ecology},
  volume = {27},
  pages = {1--8},
  issn = {14391791},
  doi = {10.1016/j.baae.2017.12.002},
  langid = {english}
}

@article{Andrade-Pacheco2020FinHot,
  title = {Finding Hotspots: Development of an Adaptive Spatial Sampling Approach},
  author = {Andrade-Pacheco, Ricardo and Rerolle, Francois and Lemoine, Jean and Hernandez, Leda and Meïté, Aboulaye and Juziwelo, Lazarus and Bibaut, Aurélien F. and van der Laan, Mark J. and Arnold, Benjamin F. and Sturrock, Hugh J. W.},
  options = {useprefix=true},
  date = {2020-07-02},
  journaltitle = {Scientific Reports},
  shortjournal = {Sci Rep},
  volume = {10},
  number = {1},
  pages = {10939},
  publisher = {{Nature Publishing Group}},
  issn = {2045-2322},
  doi = {10.1038/s41598-020-67666-3},
  issue = {1},
  langid = {english}
}

@article{Anthony2017GloPat,
  title = {Global Patterns in Coronavirus Diversity},
  author = {Anthony, Simon J. and Johnson, Christine K. and Greig, Denise J. and Kramer, Sarah and Che, Xiaoyu and Wells, Heather and Hicks, Allison L. and Joly, Damien O. and Wolfe, Nathan D. and Daszak, Peter and Karesh, William and Lipkin, W. I. and Morse, Stephen S. and Mazet, Jonna A. K. and Goldstein, Tracey},
  date = {2017-01-01},
  journaltitle = {Virus Evolution},
  shortjournal = {Virus Evol},
  volume = {3},
  number = {1},
  publisher = {{Oxford Academic}},
  doi = {10.1093/ve/vex012},
  langid = {english}
}

@article{Banerjee2020NovIns,
  title = {Novel {{Insights Into Immune Systems}} of {{Bats}}},
  author = {Banerjee, Arinjay and Baker, Michelle L. and Kulcsar, Kirsten and Misra, Vikram and Plowright, Raina and Mossman, Karen},
  date = {2020-01},
  journaltitle = {Frontiers in Immunology},
  volume = {11},
  pages = {26},
  issn = {1664-3224},
  doi = {10.3389/fimmu.2020.00026}
}

@article{BeardCK1988EasEde,
  title = {East of {{Eden}}: {{Asia}} as an Important Center of Taxonomic Origination in Mammalian Evolution},
  author = {Beard C K, K Christopher Beard},
  date = {1988},
  journaltitle = {Bulletin of the Carnegie Museum of Natural History},
  volume = {34},
  issue = {5-39.}
}

@article{Becker2022OptPre,
  title = {Optimising Predictive Models to Prioritise Viral Discovery in Zoonotic Reservoirs},
  author = {Becker, Daniel J and Albery, Gregory F and Sjodin, Anna R and Poisot, Timothée and Bergner, Laura M and Chen, Binqi and Cohen, Lily E and Dallas, Tad A and Eskew, Evan A and Fagre, Anna C and Farrell, Maxwell J and Guth, Sarah and Han, Barbara A and Simmons, Nancy B and Stock, Michiel and Teeling, Emma C and Carlson, Colin J},
  date = {2022-01-10},
  journaltitle = {The Lancet Microbe},
  shortjournal = {The Lancet Microbe},
  issn = {2666-5247},
  doi = {10.1016/S2666-5247(21)00245-7},
  langid = {english}
}

@article{Belouzard2012MecCor,
  title = {Mechanisms of {{Coronavirus Cell Entry Mediated}} by the {{Viral Spike Protein}}},
  author = {Belouzard, Sandrine and Millet, Jean K. and Licitra, Beth N. and Whittaker, Gary R.},
  date = {2012-06},
  journaltitle = {Viruses},
  volume = {4},
  number = {6},
  pages = {1011--1033},
  issn = {1999-4915},
  doi = {10.3390/v4061011},
  langid = {english}
}

@article{Calisher2006BatImp,
  title = {Bats: {{Important Reservoir Hosts}} of {{Emerging Viruses}}},
  author = {Calisher, Charles H. and Childs, James E. and Field, Hume E. and Holmes, Kathryn V. and Schountz, Tony},
  date = {2006-07},
  journaltitle = {Clinical Microbiology Reviews},
  volume = {19},
  number = {3},
  pages = {531--545},
  issn = {0893-8512, 1098-6618},
  doi = {10.1128/CMR.00017-06},
  langid = {english}
}

@article{Carlson2019GloEst,
  title = {Global Estimates of Mammalian Viral Diversity Accounting for Host Sharing},
  author = {Carlson, Colin J. and Zipfel, Casey M. and Garnier, Romain and Bansal, Shweta},
  date = {2019-07},
  journaltitle = {Nature Ecology \& Evolution},
  volume = {3},
  number = {7},
  pages = {1070--1075},
  issn = {2397-334X},
  doi = {10.1038/s41559-019-0910-6},
  langid = {english}
}

@article{Cavender-Bares2009MerCom,
  title = {The Merging of Community Ecology and Phylogenetic Biology},
  author = {Cavender-Bares, Jeannine and Kozak, Kenneth H. and Fine, Paul V. A. and Kembel, Steven W.},
  date = {2009-07},
  journaltitle = {Ecol. Lett.},
  volume = {12},
  number = {7},
  pages = {693--715},
  doi = {10.1111/j.1461-0248.2009.01314.x},
  langid = {english}
}

@article{Cui2019OriEvo,
  title = {Origin and Evolution of Pathogenic Coronaviruses},
  author = {Cui, Jie and Li, Fang and Shi, Zheng-Li},
  date = {2019-03},
  journaltitle = {Nature Reviews Microbiology},
  volume = {17},
  number = {3},
  pages = {181--192},
  issn = {1740-1526, 1740-1534},
  doi = {10.1038/s41579-018-0118-9},
  langid = {english}
}

@article{Dansereau2022EvaEco,
  title = {Evaluating Ecological Uniqueness over Broad Spatial Extents Using Species Distribution Modelling},
  author = {Dansereau, Gabriel and Legendre, Pierre and Poisot, Timothée},
  date = {2022},
  journaltitle = {Oikos},
  volume = {n/a},
  number = {n/a},
  pages = {e09063},
  issn = {1600-0706},
  doi = {10.1111/oik.09063},
  langid = {english}
}

@article{Deshpande2022ForFru,
  title = {Forbidden Fruits? {{Ecosystem}} Services from Seed Dispersal by Fruit Bats in the Context of Latent Zoonotic Risk},
  author = {Deshpande, Kadambari and Vanak, Abi T. and Devy, M. Soubadra and Krishnaswamy, Jagdish},
  date = {2022-01},
  journaltitle = {Oikos (Copenhagen, Denmark)},
  shortjournal = {Oikos},
  pages = {oik.08359},
  issn = {0030-1299, 1600-0706},
  doi = {10.1111/oik.08359},
  langid = {english}
}

@article{Drexler2014EcoEvo,
  title = {Ecology, Evolution and Classification of Bat Coronaviruses in the Aftermath of {{SARS}}},
  author = {Drexler, Jan Felix and Corman, Victor Max and Drosten, Christian},
  date = {2014-01},
  journaltitle = {Antiviral Research},
  volume = {101},
  pages = {45--56},
  issn = {01663542},
  doi = {10.1016/j.antiviral.2013.10.013},
  langid = {english}
}

@article{Engering2013PatHos,
  title = {Pathogen–Host–Environment Interplay and Disease Emergence},
  author = {Engering, Anneke and Hogerwerf, Lenny and Slingenbergh, Jan},
  date = {2013-02},
  journaltitle = {Emerging Microbes \& Infections},
  shortjournal = {Emerg Microbes Infect},
  volume = {2},
  number = {2},
  eprint = {26038452},
  eprinttype = {pmid},
  pages = {e5},
  issn = {2222-1751},
  doi = {10.1038/emi.2013.5},
  pmcid = {PMC3630490}
}

@article{Faith1992ConEva,
  title = {Conservation Evaluation and Phylogenetic Diversity},
  author = {Faith, Daniel P.},
  date = {1992-01-01},
  journaltitle = {Biological Conservation},
  shortjournal = {Biological Conservation},
  volume = {61},
  number = {1},
  pages = {1--10},
  issn = {0006-3207},
  doi = {10.1016/0006-3207(92)91201-3},
  langid = {english}
}

@article{Gomulkiewicz2000HotSpo,
  title = {Hot {{Spots}}, {{Cold Spots}}, and the {{Geographic Mosaic Theory}} of {{Coevolution}}},
  author = {Gomulkiewicz, Richard and Thompson, John N. and Holt, Robert D. and Nuismer, Scott L. and Hochberg, Michael E.},
  date = {2000-08},
  journaltitle = {The American Naturalist},
  shortjournal = {Am Nat},
  volume = {156},
  number = {2},
  eprint = {10856199},
  eprinttype = {pmid},
  pages = {156--174},
  issn = {1537-5323},
  doi = {10.1086/303382},
  langid = {english}
}

@article{Gonsalves2013MosCon,
  title = {Mosquito {{Consumption}} by {{Insectivorous Bats}}: {{Does Size Matter}}?},
  author = {Gonsalves, Leroy and Bicknell, Brian and Law, Brad and Webb, Cameron and Monamy, Vaughan},
  date = {2013-10-10},
  journaltitle = {PLOS ONE},
  shortjournal = {PLOS ONE},
  volume = {8},
  number = {10},
  pages = {e77183},
  publisher = {{Public Library of Science}},
  issn = {1932-6203},
  doi = {10.1371/journal.pone.0077183},
  langid = {english}
}

@article{Gonsalves2013MosInf,
  title = {Do Mosquitoes Influence Bat Activity in Coastal Habitats?},
  author = {Gonsalves, Leroy and Lamb, Susan and Webb, Cameron and Law, Bradley and Monamy, Vaughan},
  date = {2013-01},
  journaltitle = {Wildlife Research},
  shortjournal = {wilr},
  volume = {40},
  number = {1},
  pages = {10--24},
  publisher = {{CSIRO Publishing}},
  issn = {1035-3712, 1448-5494},
  doi = {10.1071/WR12148}
}

@article{Gorbunova2020WorGoe,
  title = {The {{World Goes Bats}}: {{Living Longer}} and {{Tolerating Viruses}}},
  author = {Gorbunova, Vera and Seluanov, Andrei and Kennedy, Brian K.},
  date = {2020-07},
  journaltitle = {Cell Metabolism},
  volume = {32},
  number = {1},
  pages = {31--43},
  issn = {15504131},
  doi = {10.1016/j.cmet.2020.06.013},
  langid = {english}
}

@article{Gryseels2017WheVir,
  title = {When {{Viruses Don}}'t {{Go Viral}}: {{The Importance}} of {{Host Phylogeographic Structure}} in the {{Spatial Spread}} of {{Arenaviruses}}},
  author = {Gryseels, Sophie and Baird, Stuart J. E. and Borremans, Benny and Makundi, Rhodes and Leirs, Herwig and Goüy de Bellocq, Joëlle},
  editor = {Kuhn, Jens H.},
  date = {2017-01},
  journaltitle = {PLOS Pathogens},
  volume = {13},
  number = {1},
  pages = {e1006073},
  issn = {1553-7374},
  doi = {10.1371/journal.ppat.1006073},
  langid = {english}
}

@article{Haddad2021SarPos,
  title = {{{SARS-CoV-2}}: {{Possible}} Recombination and Emergence of Potentially More Virulent Strains},
  author = {Haddad, Dania and John, Sumi Elsa and Mohammad, Anwar and Hammad, Maha M. and Hebbar, Prashantha and Channanath, Arshad and Nizam, Rasheeba and Al-Qabandi, Sarah and Al Madhoun, Ashraf and Alshukry, Abdullah and Ali, Hamad and Thanaraj, Thangavel Alphonse and Al-Mulla, Fahd},
  editor = {Attoui, Houssam},
  date = {2021-05},
  journaltitle = {PLOS ONE},
  volume = {16},
  number = {5},
  pages = {e0251368},
  issn = {1932-6203},
  doi = {10.1371/journal.pone.0251368},
  langid = {english}
}

@article{Hazarie2021IntPop,
  title = {Interplay between Population Density and Mobility in Determining the Spread of Epidemics in Cities},
  author = {Hazarie, Surendra and Soriano-Paños, David and Arenas, Alex and Gómez-Gardeñes, Jesús and Ghoshal, Gourab},
  date = {2021-12},
  journaltitle = {Communications Physics},
  volume = {4},
  number = {1},
  pages = {191},
  issn = {2399-3650},
  doi = {10.1038/s42005-021-00679-0},
  langid = {english}
}

@article{Higino2021BetPhy,
  ids = {Higino2020BetPhy},
  title = {Beta and Phylogenetic Diversities Tell Complementary Stories about Ecological Networks Biogeography},
  author = {Higino, Gracielle T. and Poisot, Timothée},
  date = {2021-03-08},
  journaltitle = {Parasitology},
  shortjournal = {Parasitology},
  eprint = {33678197},
  eprinttype = {pmid},
  pages = {1--23},
  issn = {1469-8161},
  doi = {10.1017/S0031182021000391},
  langid = {english}
}

@article{Irving2021LesHos,
  title = {Lessons from the Host Defences of Bats, a Unique Viral Reservoir},
  author = {Irving, Aaron T. and Ahn, Matae and Goh, Geraldine and Anderson, Danielle E. and Wang, Lin-Fa},
  date = {2021-01},
  journaltitle = {Nature},
  volume = {589},
  number = {7842},
  pages = {363--370},
  issn = {0028-0836, 1476-4687},
  doi = {10.1038/s41586-020-03128-0},
  langid = {english}
}

@online{IUCN2021IucRed,
  title = {The {{IUCN Red List}} of {{Threatened Species}}.},
  author = {{IUCN}},
  date = {2021},
  url = {https://www.iucnredlist.org},
  urldate = {2021-03-10}
}

@article{Johnson2020GloShi,
  title = {Global Shifts in Mammalian Population Trends Reveal Key Predictors of Virus Spillover Risk},
  author = {Johnson, Christine K. and Hitchens, Peta L. and Pandit, Pranav S. and Rushmore, Julie and Evans, Tierra Smiley and Young, Cristin C. W. and Doyle, Megan M.},
  date = {2020-04},
  journaltitle = {Proceedings of the Royal Society B: Biological Sciences},
  volume = {287},
  number = {1924},
  pages = {20192736},
  issn = {0962-8452, 1471-2954},
  doi = {10.1098/rspb.2019.2736},
  langid = {english}
}

@article{Jones2022GasMic,
  title = {Do Gastrointestinal Microbiomes Play a Role in Bats' Unique Viral Hosting Capacity?},
  author = {Jones, Devin N. and Ravelomanantsoa, Ny Anjara Fifi and Yeoman, Carl J. and Plowright, Raina K. and Brook, Cara E.},
  date = {2022-01},
  journaltitle = {Trends in Microbiology},
  pages = {S0966842X21003024},
  issn = {0966842X},
  doi = {10.1016/j.tim.2021.12.009},
  langid = {english}
}

@article{Kasso2013EcoEco,
  title = {Ecological and {{Economic Importance}} of {{Bats}} ({{Order Chiroptera}})},
  author = {Kasso, Mohammed and Balakrishnan, Mundanthra},
  date = {2013-11-10},
  journaltitle = {ISRN Biodiversity},
  volume = {2013},
  pages = {e187415},
  publisher = {{Hindawi}},
  doi = {10.1155/2013/187415},
  langid = {english}
}

@inproceedings{Keke2010StuSki,
  title = {Study on Skin Color Image Segmentation Used by {{Fuzzy-c-means}} Arithmetic},
  booktitle = {2010 {{Seventh International Conference}} on {{Fuzzy Systems}} and {{Knowledge Discovery}}},
  author = {Keke, Shang and Peng, Zhou and Guohui, Li},
  date = {2010-08},
  volume = {2},
  pages = {612--615},
  doi = {10.1109/FSKD.2010.5569451},
  eventtitle = {2010 {{Seventh International Conference}} on {{Fuzzy Systems}} and {{Knowledge Discovery}}}
}

@article{Kingston2010ResPri,
  title = {Research Priorities for Bat Conservation in {{Southeast Asia}}: {{A}} Consensus Approach},
  author = {Kingston, Tigga},
  date = {2010-02},
  journaltitle = {Biodiversity and Conservation},
  volume = {19},
  number = {2},
  pages = {471--484},
  issn = {0960-3115, 1572-9710},
  doi = {10.1007/s10531-008-9458-5},
  langid = {english}
}

@article{KreuderJohnson2015SpiPan,
  title = {Spillover and Pandemic Properties of Zoonotic Viruses with High Host Plasticity},
  author = {Kreuder Johnson, Christine and Hitchens, Peta L. and Smiley Evans, Tierra and Goldstein, Tracey and Thomas, Kate and Clements, Andrew and Joly, Damien O. and Wolfe, Nathan D. and Daszak, Peter and Karesh, William B. and Mazet, Jonna K.},
  date = {2015-12},
  journaltitle = {Scientific Reports},
  volume = {5},
  number = {1},
  pages = {14830},
  issn = {2045-2322},
  doi = {10.1038/srep14830},
  langid = {english}
}

@article{Leeks2018BenCoi,
  title = {Beneficial Coinfection Can Promote Within-Host Viral Diversity},
  author = {Leeks, Asher and Segredo-Otero, Ernesto A and Sanjuán, Rafael and West, Stuart A},
  date = {2018-07},
  journaltitle = {Virus Evolution},
  volume = {4},
  number = {2},
  issn = {2057-1577},
  doi = {10.1093/ve/vey028},
  langid = {english}
}

@article{Legendre2013BetDiv,
  title = {Beta Diversity as the Variance of Community Data: Dissimilarity Coefficients and Partitioning},
  author = {Legendre, Pierre and De Cáceres, Miquel},
  editor = {Morlon, Hélène},
  date = {2013-08},
  journaltitle = {Ecology Letters},
  volume = {16},
  number = {8},
  pages = {951--963},
  issn = {1461023X},
  doi = {10.1111/ele.12141},
  langid = {english}
}

@article{Legendre2019SpaTem,
  title = {Spatial and Temporal Analysis of Beta Diversity in the {{Barro Colorado Island}} Forest Dynamics Plot, {{Panama}}},
  author = {Legendre, Pierre and Condit, Richard},
  date = {2019-02-18},
  journaltitle = {Forest Ecosystems},
  shortjournal = {Forest Ecosystems},
  volume = {6},
  number = {1},
  pages = {7},
  issn = {2197-5620},
  doi = {10.1186/s40663-019-0164-4}
}

@article{Longdon2011HosPhy,
  title = {Host {{Phylogeny Determines Viral Persistence}} and {{Replication}} in {{Novel Hosts}}},
  author = {Longdon, Ben and Hadfield, Jarrod D. and Webster, Claire L. and Obbard, Darren J. and Jiggins, Francis M.},
  editor = {Schneider, David S.},
  date = {2011-09},
  journaltitle = {PLoS Pathogens},
  volume = {7},
  number = {9},
  pages = {e1002260},
  issn = {1553-7374},
  doi = {10.1371/journal.ppat.1002260},
  langid = {english}
}

@incollection{Melaun2014BatPot,
  title = {Bats as {{Potential Reservoir Hosts}} for {{Vector-Borne Diseases}}},
  booktitle = {Bats ({{Chiroptera}}) as {{Vectors}} of {{Diseases}} and {{Parasites}}: {{Facts}} and {{Myths}}},
  author = {Melaun, Christian and Werblow, Antje and Busch, Markus Wilhelm and Liston, Andrew and Klimpel, Sven},
  editor = {Klimpel, Sven and Mehlhorn, Heinz},
  date = {2014},
  series = {Parasitology {{Research Monographs}}},
  pages = {25--61},
  publisher = {{Springer}},
  location = {{Berlin, Heidelberg}},
  doi = {10.1007/978-3-642-39333-4_3},
  isbn = {978-3-642-39333-4},
  langid = {english}
}

@article{Mollentze2020VirMis,
  title = {Virulence Mismatches in Index Hosts Shape the Outcomes of Cross-Species Transmission},
  author = {Mollentze, Nardus and Streicker, Daniel G. and Murcia, Pablo R. and Hampson, Katie and Biek, Roman},
  date = {2020-11},
  journaltitle = {Proceedings of the National Academy of Sciences},
  volume = {117},
  number = {46},
  pages = {28859--28866},
  issn = {0027-8424, 1091-6490},
  doi = {10.1073/pnas.2006778117},
  langid = {english}
}

@article{Mollentze2020VirZoo,
  title = {Viral Zoonotic Risk Is Homogenous among Taxonomic Orders of Mammalian and Avian Reservoir Hosts},
  author = {Mollentze, Nardus and Streicker, Daniel G.},
  date = {2020-04},
  journaltitle = {Proceedings of the National Academy of Sciences},
  volume = {117},
  number = {17},
  pages = {9423--9430},
  issn = {0027-8424, 1091-6490},
  doi = {10.1073/pnas.1919176117},
  langid = {english}
}

@article{Moratelli2015BatZoo,
  title = {Bats and Zoonotic Viruses: {{Can}} We Confidently Link Bats with Emerging Deadly Viruses?},
  author = {Moratelli, Ricardo and Calisher, Charles H},
  date = {2015-02},
  journaltitle = {Memórias do Instituto Oswaldo Cruz},
  volume = {110},
  number = {1},
  pages = {1--22},
  issn = {0074-0276},
  doi = {10.1590/0074-02760150048}
}

@article{MorenoSantillan2021LarGen,
  title = {Large-Scale Genome Sampling Reveals Unique Immunity and Metabolic Adaptations in Bats},
  author = {Moreno Santillán, Diana D. and Lama, Tanya M. and Gutierrez Guerrero, Yocelyn T. and Brown, Alexis M. and Donat, Paul and Zhao, Huabin and Rossiter, Stephen J. and Yohe, Laurel R. and Potter, Joshua H. and Teeling, Emma C. and Vernes, Sonja C. and Davies, Kalina T. J. and Myers, Eugene and Hughes, Graham M. and Huang, Zixia and Hoffmann, Federico and Corthals, Angelique P. and Ray, David A. and Dávalos, Liliana M.},
  date = {2021-07},
  journaltitle = {Molecular Ecology},
  pages = {mec.16027},
  issn = {0962-1083, 1365-294X},
  doi = {10.1111/mec.16027},
  langid = {english}
}

@report{Muylaert2021PreFut,
  type = {Preprint},
  title = {Present and Future Distribution of Bat Hosts of Sarbecoviruses: {{Implications}} for Conservation and Public Health},
  author = {Muylaert, Renata L. and Kingston, Tigga and Luo, Jinhong and Vancine, Maurício Humberto and Galli, Nikolas and Carlson, Colin J. and John, Reju Sam and Rulli, Maria Cristina and Hayman, David T. S.},
  date = {2021-12},
  institution = {{Ecology}},
  doi = {10.1101/2021.12.09.471691},
  langid = {english}
}

@article{Olival2017HosVir,
  title = {Host and Viral Traits Predict Zoonotic Spillover from Mammals},
  author = {Olival, Kevin J. and Hosseini, Parviez R. and Zambrana-Torrelio, Carlos and Ross, Noam and Bogich, Tiffany L. and Daszak, Peter},
  date = {2017-06-21},
  journaltitle = {Nature},
  volume = {546},
  number = {7660},
  pages = {646--650},
  issn = {0028-0836, 1476-4687},
  doi = {10.1038/nature22975}
}

@article{Peixoto2018SynEco,
  title = {A Synthesis of Ecological and Evolutionary Determinants of Bat Diversity across Spatial Scales},
  author = {Peixoto, Franciele Parreira and Braga, Pedro Henrique Pereira and Mendes, Poliana},
  date = {2018-06-11},
  journaltitle = {BMC ecology},
  shortjournal = {BMC Ecol},
  volume = {18},
  number = {1},
  eprint = {29890975},
  eprinttype = {pmid},
  pages = {18},
  issn = {1472-6785},
  doi = {10.1186/s12898-018-0174-z},
  langid = {english},
  pmcid = {PMC5996565}
}

@article{Plowright2015EcoDyn,
  title = {Ecological Dynamics of Emerging Bat Virus Spillover},
  author = {Plowright, Raina K. and Eby, Peggy and Hudson, Peter J. and Smith, Ina L. and Westcott, David and Bryden, Wayne L. and Middleton, Deborah and Reid, Peter A. and McFarlane, Rosemary A. and Martin, Gerardo and Tabor, Gary M. and Skerratt, Lee F. and Anderson, Dale L. and Crameri, Gary and Quammen, David and Jordan, David and Freeman, Paul and Wang, Lin-Fa and Epstein, Jonathan H. and Marsh, Glenn A. and Kung, Nina Y. and McCallum, Hamish},
  date = {2015-01-07},
  journaltitle = {Proceedings of the Royal Society B: Biological Sciences},
  shortjournal = {Proceedings of the Royal Society B: Biological Sciences},
  volume = {282},
  number = {1798},
  pages = {20142124},
  publisher = {{Royal Society}},
  doi = {10.1098/rspb.2014.2124}
}

@article{Plowright2017PatZoo,
  title = {Pathways to Zoonotic Spillover},
  author = {Plowright, Raina K. and Parrish, Colin R. and McCallum, Hamish and Hudson, Peter J. and Ko, Albert I. and Graham, Andrea L. and Lloyd-Smith, James O.},
  date = {2017-08},
  journaltitle = {Nature Reviews Microbiology},
  shortjournal = {Nat Rev Microbiol},
  volume = {15},
  number = {8},
  pages = {502--510},
  publisher = {{Nature Publishing Group}},
  issn = {1740-1534},
  doi = {10.1038/nrmicro.2017.45},
  issue = {8},
  langid = {english}
}

@article{Power2004PatSpi,
  title = {Pathogen {{Spillover}} in {{Disease Epidemics}}.},
  author = {Power, Alison~G. and Mitchell, Charles~E.},
  date = {2004-11-01},
  journaltitle = {The American Naturalist},
  volume = {164},
  number = {S5},
  pages = {S79-S89},
  publisher = {{The University of Chicago Press}},
  issn = {0003-0147},
  doi = {10.1086/424610}
}

@article{Rego2015AssHum,
  title = {Assessing Human-Bat Interactions around a Protected Area in Northeastern {{Brazil}}},
  author = {Rego, Karlla Morganna da Costa and Zeppelini, Caio Graco and Lopez, Luiz Carlos Serramo and Alves, Rômulo Romeu Nóbrega},
  date = {2015-11-17},
  journaltitle = {Journal of Ethnobiology and Ethnomedicine},
  shortjournal = {Journal of Ethnobiology and Ethnomedicine},
  volume = {11},
  number = {1},
  pages = {80},
  issn = {1746-4269},
  doi = {10.1186/s13002-015-0058-7}
}

@software{RouaultEven2022GdaOgr,
  title = {{{GDAL}}/{{OGR Geospatial Data Abstraction}} Software {{Library}}},
  author = {Rouault, Even and Warmerdam, Frank and Schwehr, Kurt and Kiselev, Andrey and Butler, Howard and Łoskot, Mateusz and Szekeres, Tamas and Tourigny, Etienne and Landa, Martin and Miara, Idan and Elliston, Ben and Kumar, Chaitanya and Plesea, Lucian and Morissette, Daniel and Jolma, Ari and Dawson, Nyall},
  date = {2022-03-14},
  doi = {10.5281/ZENODO.5884351},
  organization = {{Zenodo}},
  version = {v3.4.2}
}

@article{Sallinen2020IntHos,
  title = {Intraspecific Host Variation Plays a Key Role in Virus Community Assembly},
  author = {Sallinen, Suvi and Norberg, Anna and Susi, Hanna and Laine, Anna-Liisa},
  date = {2020-12},
  journaltitle = {Nature Communications},
  volume = {11},
  number = {1},
  pages = {5610},
  issn = {2041-1723},
  doi = {10.1038/s41467-020-19273-z},
  langid = {english}
}

@article{Schneeberger2013MeaCon,
  title = {Measures of the {{Constitutive Immune System Are Linked}} to {{Diet}} and {{Roosting Habits}} of {{Neotropical Bats}}},
  author = {Schneeberger, Karin and Czirják, Gábor Á. and Voigt, Christian C.},
  editor = {Brown, Justin David},
  date = {2013-01},
  journaltitle = {PLoS ONE},
  volume = {8},
  number = {1},
  pages = {e54023},
  issn = {1932-6203},
  doi = {10.1371/journal.pone.0054023},
  langid = {english}
}

@article{Seekell2018GeoLak,
  title = {A Geography of Lake Carbon Cycling},
  author = {Seekell, David A. and Lapierre, Jean-François and Cheruvelil, Kendra Spence},
  date = {2018},
  journaltitle = {Limnology and Oceanography Letters},
  volume = {3},
  number = {3},
  pages = {49--56},
  issn = {2378-2242},
  doi = {10.1002/lol2.10078},
  langid = {english}
}

@online{Simmons2020BatSpe,
  title = {Bat {{Species}} of the {{World}}: {{A}} Taxonomic and Geographic Database},
  author = {Simmons, N B and Cirranello, A L},
  date = {2020},
  url = {https://batnames.org/},
  urldate = {2021-06-03}
}

@article{Springer2013PhyBat,
  title = {Phylogenetics: {{Bats United}}, {{Microbats Divided}}},
  author = {Springer, Mark S.},
  date = {2013-11},
  journaltitle = {Current Biology},
  volume = {23},
  number = {22},
  pages = {R999-R1001},
  issn = {09609822},
  doi = {10.1016/j.cub.2013.09.053},
  langid = {english}
}

@article{Stone2015ManCon,
  title = {Managing {{Conflict}} between {{Bats}} and {{Humans}}: {{The Response}} of {{Soprano Pipistrelles}} ({{Pipistrellus}} Pygmaeus) to {{Exclusion}} from {{Roosts}} in {{Houses}}},
  author = {Stone, Emma and Zeale, Matt R. K. and Newson, Stuart E. and Browne, William J. and Harris, Stephen and Jones, Gareth},
  date = {2015-08-05},
  journaltitle = {PLoS ONE},
  shortjournal = {PLoS One},
  volume = {10},
  number = {8},
  eprint = {26244667},
  eprinttype = {pmid},
  pages = {e0131825},
  issn = {1932-6203},
  doi = {10.1371/journal.pone.0131825},
  pmcid = {PMC4526527}
}

@article{Teeling2005MolPhy,
  title = {A {{Molecular Phylogeny}} for {{Bats Illuminates Biogeography}} and the {{Fossil Record}}},
  author = {Teeling, Emma C. and Springer, Mark S. and Madsen, Ole and Bates, Paul and O'Brien, Stephen J. and Murphy, William J.},
  date = {2005-01},
  journaltitle = {Science (New York, N.Y.)},
  shortjournal = {Science},
  volume = {307},
  number = {5709},
  pages = {580--584},
  issn = {0036-8075, 1095-9203},
  doi = {10.1126/science.1105113},
  langid = {english}
}

@book{Thompson2005GeoMos,
  title = {The {{Geographic Mosaic}} of {{Coevolution}}},
  author = {Thompson, John N},
  date = {2005},
  publisher = {{University Of Chicago Press}}
}

@article{Upham2019InfMam,
  title = {Inferring the Mammal Tree: {{Species-level}} Sets of Phylogenies for Questions in Ecology, Evolution, and Conservation},
  author = {Upham, Nathan S. and Esselstyn, Jacob A. and Jetz, Walter},
  date = {2019-12-04},
  journaltitle = {PLOS Biology},
  shortjournal = {PLOS Biology},
  volume = {17},
  number = {12},
  pages = {e3000494},
  issn = {1545-7885},
  doi = {10.1371/journal.pbio.3000494},
  langid = {english}
}

@book{Voigt2016BatAnt,
  title = {Bats in the {{Anthropocene}}: {{Conservation}} of {{Bats}} in a {{Changing World}}},
  editor = {Voigt, Christian C. and Kingston, Tigga},
  date = {2016},
  publisher = {{Springer International Publishing}},
  location = {{Cham}},
  doi = {10.1007/978-3-319-25220-9},
  isbn = {978-3-319-25218-6 978-3-319-25220-9},
  langid = {english}
}

@article{Wang2009BatVir,
  title = {Bats and Viruses: A Brief Review},
  author = {Wang, Lin-Fa},
  date = {2009-04-01},
  journaltitle = {Virologica Sinica},
  shortjournal = {Virol. Sin.},
  volume = {24},
  number = {2},
  pages = {93--99},
  issn = {1995-820X},
  doi = {10.1007/s12250-009-3032-5},
  langid = {english}
}

@article{Williams-Guillen2008BatLim,
  title = {Bats {{Limit Insects}} in a {{Neotropical Agroforestry System}}},
  author = {Williams-Guillén, Kimberly and Perfecto, Ivette and Vandermeer, John},
  date = {2008-04-04},
  journaltitle = {Science},
  volume = {320},
  number = {5872},
  pages = {70--70},
  publisher = {{American Association for the Advancement of Science}},
  doi = {10.1126/science.1152944}
}

@article{Wolfe2007OriMaj,
  title = {Origins of Major Human Infectious Diseases},
  author = {Wolfe, Nathan D. and Dunavan, Claire Panosian and Diamond, Jared},
  date = {2007-05},
  journaltitle = {Nature},
  volume = {447},
  number = {7142},
  pages = {279--283},
  issn = {0028-0836, 1476-4687},
  doi = {10.1038/nature05775},
  langid = {english}
}

@article{Yu2014EarDiv,
  title = {Early Diversification Trend and {{Asian}} Origin for Extent Bat Lineages},
  author = {Yu, W. and Wu, Y. and Yang, G.},
  date = {2014-10},
  journaltitle = {Journal of Evolutionary Biology},
  volume = {27},
  number = {10},
  pages = {2204--2218},
  issn = {1010061X},
  doi = {10.1111/jeb.12477},
  langid = {english}
}

@article{Zhou2021TaxHos,
  title = {The Taxonomy, Host Range and Pathogenicity of Coronaviruses and Other Viruses in the {{Nidovirales}} Order},
  author = {Zhou, Zhijian and Qiu, Ye and Ge, Xingyi},
  date = {2021-12},
  journaltitle = {Animal Diseases},
  volume = {1},
  number = {1},
  pages = {5},
  issn = {2731-0442},
  doi = {10.1186/s44149-021-00005-9},
  langid = {english}
}


